% Encoding: UTF-8
@Misc{heisekkfaq,
	Title                    = {Heise Krypto-Kampagne FAQ},

	Author                   = {{Heise}\nobreak\hspace{.16667em}{Verlag}},
	url             = {http://heise.de/-473427},
	urldate                     = {2016-11-18}
}

@Misc{ietf-64bit-collision,
	Title = {OpenPGPv4 long keyid collision test cases?},
	Author = {David Leon Gil},
	url = {https://www.ietf.org/mail-archive/web/openpgp/current/msg07195.html},
	urldate = {2016-12-07}
}

@Misc{mysqldatatypes,
	Title                    = {MySQL 5.6 Data Storage Requirements},

	Author                   = {{MySQL}\nobreak\hspace{.16667em}{Autoren}},
	url             = {https://dev.mysql.com/doc/refman/5.6/en/storage-requirements.html},
	urldate                  = {2016-11-14}
}

@Misc{pepwhitepaper,
	Title                    = {PEP Whitepaper},

	Author                   = {PEP Foundation},
	url             = { https://pep.foundation/docs/pEp-whitepaper.pdf},
	urldate                  = {2016-12-02}
}

@Misc{spiegel-vv,
	Title = {Die drei Haken der "Volksverschlüsselung"},
	Author = {Christian Stöcker},
	url = {http://www.spiegel.de/netzwelt/netzpolitik/volksverschluesselung-gute-idee-mit-vielen-haken-a-1100479.html},
	urldate = {2016-12-16}
}

@Misc{netzpolitik-vv,
	Title = {Auf der Suche nach der Volksverschlüsselung},
	author = {Ben Siegler},
	url = {https://netzpolitik.org/2016/auf-der-suche-nach-der-volksverschluesselung/},
	urldate = {2016-12-16}
}

@Misc{bdsg,
	Title = {Bundesdatenschutzgesetz},
	Author = {{Bundesrepublik}\nobreak\hspace{.16667em}{Deutschland}},
	url = {https://www.gesetze-im-internet.de/bdsg_1990/__3.html},
	urldate       = {2016-12-15}
}

@Misc{bcsupportfaq,
	Title = {Support and FIPS FAQ},
	Author = {{BouncyCastle}\nobreak\hspace{.16667em}{Autoren}},
	url = {https://www.cryptoworkshop.com/support_faq.html},
	urldate       = {2016-12-21}
}
@Misc{gpg-firstrelease,
	Title = {Release Notes},
	Author = {{GnuPG}\nobreak\hspace{.16667em}{Autoren}},
	url =  {https://gnupg.org/download/release_notes.html},
	urldate = {2016-12-16}
}
@Misc{gpg-authorkoch,
	Title = {The World’s Email Encryption Software Relies on One Guy, Who is Going Broke},
	Author = {Julia Angwin},
	url = {https://www.propublica.org/article/the-worlds-email-encryption-software-relies-on-one-guy-who-is-going-broke},
	urldate = {2016-12-16}
}

@Misc{gpg-nytfounding,
	Author = {Peter Wayner},
	Title = {Germany Awards Grant for Encryption},
	url = {http://partners.nytimes.com/library/tech/99/11/cyber/articles/19encrypt.html},
	urldate = {2016-12-16}
}

@Misc{gpgman,
		Title = {gpg manpage},
		Author = {{GnuPG}\nobreak\hspace{.16667em}{Autoren}},
		url = {https://www.gnupg.org/gph/de/manual/r1023.html},
		urldate = {2016-12-16}
}
@Misc{googleemailsectrends,
	Title ={New Research: Encouraging trends and emerging threats in email security},
	Author = {Elie Bursztein},
	url = {https://security.googleblog.com/2015/11/new-research-encouraging-trends-and.html},
	urldate = {2016-11-14},
	date = {2015-11},
}

@Misc{keyserver-priv-problems,
	Title ={Mailvelope Keyserver Readme},
	Author = {Tankred Hase},
	url = {https://github.com/mailvelope/keyserver},
	urldate = {2016-11-23},
	date = {2016},
}

@Misc{rfcdraft-hkp,
	Title = {The OpenPGP HTTP Keyserver Protocol (HKP)},
	Author = {David Shaw},
	url = {https://tools.ietf.org/html/draft-shaw-openpgp-hkp-00},
	urldate = {2017-01-05}
}

@Misc{rfcdraft-sftp,
	Title = {SSH File Transfer Protocol},
	Author = {Joseph Galbraith, Oskari Saarenmaa},
	url = {https://tools.ietf.org/html/draft-ietf-secsh-filexfer-13},
	urldate = {2017-01-05}
}


@Misc{alicebobeve,
	Author = {Didia},
	url = {https://commons.wikimedia.org/wiki/File%3AAlice-bob-mallory.jpg},
	urldate = {2016-12-16}
}

@Misc{sixdegofsep,
	Author = {Daniel Walker},
	url = {https://commons.wikimedia.org/wiki/File%3ASix_degrees_of_separation.svg},
	urldate = {2016-12-16}
}

@Misc{servericon,
	Author = {Merlin2525},
	url = {https://openclipart.org/detail/192936/server-remix-1g},
	urldate = {2016-12-16}
}

@Misc{gnomeicons,
	Title = {GNOME Desktop icons},
	Author = {{GNOME}\nobreak\hspace{.16667em}{icon}\nobreak\hspace{.16667em}{artists}},
	url = {https://commons.wikimedia.org/wiki/GNOME_Desktop_icons},
	urldate = {2016-12-16},
}


@Misc{crystalclearicons,
	Title = {Crystal Clear},
	Author = {Everaldo Coelho},
	url = {https://commons.wikimedia.org/wiki/Crystal_Clear},
	urldate = {2017-01-09},
}

@Misc{license-gpg,
	Author = {{Free}\nobreak\hspace{.16667em}{Software}\nobreak\hspace{.16667em}{Foundation}},
	url = {https://git.gnupg.org/cgi-bin/gitweb.cgi?p=gnupg.git;a=blob_plain;f=COPYING;hb=refs/heads/master},
	urldate = {2016-12-16}
}
@Misc{heise-10jahrepgp,
	Title = {PGP - die ersten zehn Jahre},
	Author = {Ralf Bendrath},
	url = {https://www.heise.de/tp/features/PGP-die-ersten-zehn-Jahre-3447927.html},
	urldate={2016-16-21},
	date = {2001-03-19}
}

@Misc{heise-gpgsupport,
	Title = {Bundesregierung fördert Open Source},
	Author = {Stefan Krempl},
	url = {https://www.heise.de/tp/features/Bundesregierung-foerdert-Open-Source-3444768.html},
	urldate={2016-16-21},
	date = {1999-11-15}
}

@Misc{bitkom-emailcrypto-langsam,
	Title = {Verschlüsselung von E-Mails kommt nur langsam voran},
	Author = {Bitkom},
	url = {https://www.bitkom.org/Presse/Presseinformation/Verschluesselung-von-E-Mails-kommt-nur-langsam-voran.html},
	urldate = {2016-11-14},
	date = {2016-01-21},
}

@Misc{datenschutzgrundverordnung,
	Title = {VERORDNUNG (EU) 2016/679 DES EUROPÄISCHEN PARLAMENTS UND DES RATES},
	Author = {{Europäische}\nobreak\hspace{.16667em}{Union}},
	url = {http://eur-lex.europa.eu/legal-content/DE/TXT/?uri=uriserv:OJ.L_.2016.119.01.0001.01.DEU},
	urldate = {2016-11-14},
}

@Misc{openpgdefs-sigsubpkt-enum,
	Title                    = {openpgpdefs.h of GnuPG Source},
	Author                   = {{The}\nobreak\hspace{.16667em}{GnuPG}\nobreak\hspace{.16667em}{Authors}},
	url			 ={http://git.gnupg.org/cgi-bin/gitweb.cgi?p=gnupg.git;a=blob;f=common/openpgpdefs.h;h=e200d6b3bf2b836dc7f3fa4e52991b2322456feb;hb=24e0f1d56e6f56e7fb52b5c6bdb100131e12dfe3#l88},
	urldate					= {2016-12-01}

}

@Misc{gpgfaq,
	Title                    = {GnuPG FAQ},
	Author                   = {{GnuPG}\nobreak\hspace{.16667em}{Project}},
	url             = {https://www.gnupg.org/faq/gnupg-faq.html},
	urldate                     = {2016-11-14}
}

@Misc{sha1deprecation-nist,
	Title = {NIST Special Publication 800-131A},
	Author = {Elaine Barker and Allen Roginsky},
	url = {http://dx.doi.org/10.6028/NIST.SP.800-131Ar1},
	date = {2015},
	urldate = {2016-12-03}
}

@Misc{md5deprecation-bsi,
	Title = {BSI-Position zu X.509-Zertifikaten mit Signatur auf Basis des MD5-Algorithmus},
	Author = {Bundesamt für Sicherheit in der Informationstechnik BSI},
	url = {https://www.bsi.bund.de/DE/Presse/Pressemitteilungen/Presse2009/080109x509zert.html},
	date={2009-01-08},
	urldate = {2016-11-15}
}
@Misc{algorithmenkatalog-bnetza,
	Title                    = {Algorithmenkatalog 2016},

	Author                   = {{Bundesnetzagentur für Elektrizität, Gas,
	Telekommunikation, Post und Eisenbahnen}},
	date = {2015-12-09},
	urldate                     = {2016-11-15},
	url = {https://www.bundesnetzagentur.de/SharedDocs/Downloads/DE/Sachgebiete/QES/Veroeffentlichungen/Algorithmen/2016Algorithmenkatalog.pdf?__blob=publicationFile&v=1}
}

@Misc{certpractice-fraunhoferpki,
	Title                    = {Fraunhofer Corporate PKI Certification Practice Statement},

	Author                   = {{Fraunhofer Competence Center PKI}},
	date = {2012-06},
	urldate                   = {2017-01-02},
	url = {http://pki.fraunhofer.de/cp/Certification_Practice_Statement_Fraunhofer_Corporate_PKI.pdf}
}

@Misc{nist-keymgmt-recommendations,
	Title                    = {Recommendation for Key Management},
	Author                   = {Elaine Barker, {National Institute of Standards and Technology NIST}},
	urldate                     = {2017-01-02},
	url = {http://dx.doi.org/10.6028/NIST.SP.800-57pt1r4}
}


@Misc{trkryptoverfahren-bsi,
	Title = 	{Technische Richtlinie – Kryptographische Verfahren: Empfehlungen und Schlussellängen},
	Author = {Bundesamt für Sicherheit in der Informationstechnik BSI},
	urldate = {2016-11-15},
	year = {2016},
	url = {https://www.bsi.bund.de/SharedDocs/Downloads/DE/BSI/Publikationen/TechnischeRichtlinien/TR02102/BSI-TR-02102.pdf?__blob=publicationFile&v=2}
}

%%%%%%%%%%%%%%%%%%%%%% BOOOKS

@article{smallworld,
	url = {http://snap.stanford.edu/class/cs224w-readings/milgram67smallworld.pdf},
	author = {Milgram, Stanley},
	biburl = {https://www.bibsonomy.org/bibtex/25af0eba6dfe07ac9143156899c73470c/andreacapocci},
	file = {full paper:Milgram1967.pdf:PDF},
	groups = {public},
	interhash = {dc8738cacf31a3a7269e1e0aa35d5537},
	intrahash = {5af0eba6dfe07ac9143156899c73470c},
	journal = {Psychology Today},
	keywords = {networks smallworld},
	number = 1,
	pages = {61-67},
	timestamp = {2012-11-27T12:36:16.000+0100},
	title = {The Small World Problem},
	username = {lantiq},
	volume = 1,
	year = 1967
}

@Article{Yuan2011,
	author={Yuan, Weiwei
	and Guan, Donghai
	and Lee, Young-Koo
	and Lee, Sungyoung},
	title={The small-world trust network},
	journal={Applied Intelligence},
	year={2011},
	volume={35},
	number={3},
	pages={399--410},
	abstract={The topology of the trust network is important to optimize its usage in the trust-aware applications. However, since the users can join trust network ubiquitously, the structure of the highly dynamic trust network is still unknown. This paper contributes to verify that the trust network is the small-world network, and its small-world topology is independent of its dynamics. This is achieved by verifying the scale-freeness of five trust networks extracted from real online sites. Using the small-world nature of the trust network, we optimize the rating prediction mechanism of the conventional trust-aware recommender system. Experimental results clearly show that our proposed mechanism can achieve the maximum accuracy and coverage with the minimum computation complexity for the rating predictions.},
	issn={1573-7497},
	doi={10.1007/s10489-010-0230-7},
	url={http://dx.doi.org/10.1007/s10489-010-0230-7}
}

@INPROCEEDINGS{Capkun02smallworlds,
	author = {Srdjan Capkun and Levente Buttyan and Jean-Pierre Hubaux},
	title = {Small Worlds in Security Systems: an Analysis of the PGP Certificate Graph},
	booktitle = {In Proceedings of The ACM New Security Paradigms Workshop},
	year = {2002},
	pages = {28--35},
	publisher = {ACM Press}
}


@phdthesis{fielding2000rest,
	title={Architectural styles and the design of network-based software architectures},
	author={Fielding, Roy Thomas},
	school={University of California, Irvine},
	url= {http://www.ics.uci.edu/~fielding/pubs/dissertation/rest_arch_style.htm},
	date = {2000},
	urldate = {2016-12-19}
}


@phdthesis{empiricalAnalysisPki,
	author = {Ralph Holz},
	title = {Empirical analysis of Public Key Infrastructures and investigation of improvements},
	publisher = {Technische Universität München},
	date = {2014},
	urldate = {2016-12-20},
	url = {http://www.net.in.tum.de/fileadmin/bibtex/publications/theses/NET-2014-05-1.pdf}
}

@book{book:cyclocryptosec,
	title =     {Encyclopedia of Cryptography and Security},
	author =    {Anne Canteaut Prof. (auth.), Henk C. A. van Tilborg, Sushil Jajodia (eds.)},
	publisher = {Springer US},
	address={New York},
	isbn =      {978-1-4419-5905-8},
	year =      {2011},
	edition =   {2},
}

@book{book:priven,
	title =     {Privacy Enhancing Technologies: 6th International Workshop, PET 2006, Cambridge, UK, June 28-30, 2006, Revised Selected Papers},
	author =    {Thomas S. Heydt-Benjamin, Hee-Jin Chae, Benessa Defend, Kevin Fu (auth.), George Danezis, Philippe Golle (eds.)},
	publisher = {Springer-Verlag},
	address={Berlin, Heidelberg},
	isbn =      {3540687904,9783540687900},
	year =      {2006},
	series =    {Lecture Notes in Computer Science 4258 : Security and Cryptology},
	edition =   {1},
}
@book{book:modernekrypto,
	title =     {Moderne Verfahren der Kryptographie: Von RSA zu Zero-Knowledge},
	author =    {Albrecht Beutelspacher, Jörg Schwenk, Klaus-Dieter Wolfenstetter (auth.)},
	publisher = {Springer Spektrum},
	address = {Wiesbaden},
	isbn =      {978-3-8348-1927-7},
	year =      {2015},
	edition =   {8},
}

@Book{book:kryptoschmeh,
  title     = {Kryptografie. Verfahren, Protokolle, Infrastrukturen.},
  publisher = {dpunkt.verlag},
  address = {Heidelberg},
  year      = {2013},
  author    = {Klaus Schmeh},
  edition   = {5},
  isbn      = {978-3-86490-015-0},
}

@book{book:intropki,
	title =     {Introduction to Public Key Infrastructures},
	author =    {Johannes A. Buchmann, Evangelos Karatsiolis, Alexander Wiesmaier (auth.)},
	publisher = {Springer-Verlag Berlin Heidelberg},
	isbn =      {978-3-642-40656-0,978-3-642-40657-7},
	year =      {2013},
	series =    {},
	edition =   {1},
	volume =    {}
}

@book{book:1180210,
	title =     {Universal Access in Human-Computer Interaction. Design and Development Methods for Universal Access: 8th International Conference, UAHCI 2014, Held as Part of HCI International 2014, Heraklion, Crete, Greece, June 22-27, 2014, Proceedings, Part I},
	author =    {Constantine Stephanidis, Margherita Antona (eds.)},
	publisher = {Springer International Publishing},
	isbn =      {978-3-319-07436-8,978-3-319-07437-5},
	year =      {2014},
	series =    {Lecture Notes in Computer Science 8513 Information Systems and Applications, incl. Internet/Web, and HCI},
	edition =   {1},
	volume =    {}
}

@InProceedings{investigatingWoT,
	author={Ulrich, Alexander
	and Holz, Ralph
	and Hauck, Peter
	and Carle, Georg},
	editor={Atluri, Vijay
	and Diaz, Claudia},
	title={Investigating the OpenPGP Web of Trust},
	bookTitle={Computer Security -- ESORICS 2011: 16th European Symposium on Research in Computer Security, Leuven, Belgium, September 12-14,2011. Proceedings},
	year={2011},
	publisher={Springer Berlin Heidelberg},
	address={Berlin, Heidelberg},
	pages={489--507},
	isbn={978-3-642-23822-2},
	doi={10.1007/978-3-642-23822-2_27},
	url={http://dx.doi.org/10.1007/978-3-642-23822-2_27}
}

@Inbook{challengingTrustPGP,
	author={Barenghi, Alessandro
	and Di Federico, Alessandro
	and Pelosi, Gerardo
	and Sanfilippo, Stefano},
	editor={Pernul, G{\"u}nther
	and Y A Ryan, Peter
	and Weippl, Edgar},
	chapter={Challenging the Trustworthiness of PGP: Is the Web-of-Trust Tear-Proof?},
	title={Computer Security -- ESORICS 2015: 20th European Symposium on Research in Computer Security, Vienna, Austria, September 21-25, 2015, Proceedings, Part I},
	year={2015},
	address={Cham},
	publisher={Springer International Publishing},
	pages={429--446},
	isbn={978-3-319-24174-6},
	doi={10.1007/978-3-319-24174-6_22},
	url={http://dx.doi.org/10.1007/978-3-319-24174-6_22}
}

@Article{ecdsa,
	author={Johnson, Don
	and Menezes, Alfred
	and Vanstone, Scott},
	title={The Elliptic Curve Digital Signature Algorithm (ECDSA)},
	journal={International Journal of Information Security},
	year={2014},
	volume={1},
	number={1},
	pages={36--63},
	abstract={The Elliptic Curve Digital Signature Algorithm (ECDSA) is the elliptic curve analogue of the Digital Signature Algorithm (DSA). It was accepted in 1999 as an ANSI standard and in 2000 as IEEE and NIST standards. It was also accepted in 1998 as an ISO standard and is under consideration for inclusion in some other ISO standards. Unlike the ordinary discrete logarithm problem and the integer factorization problem, no subexponential-time algorithm is known for the elliptic curve discrete logarithm problem. For this reason, the strength-per-key-bit is substantially greater in an algorithm that uses elliptic curves. This paper describes the ANSI X9.62 ECDSA, and discusses related security, implementation, and interoperability issues.},
	issn={1615-5262},
	doi={10.1007/s102070100002},
	url={http://dx.doi.org/10.1007/s102070100002}
}

@Comment{jabref-meta: databaseType:bibtex;}
